@article{amir,
  title={Efficient text fingerprinting via Parikh mapping},
  author={Amir, Amihood and Apostolico, Alberto and Landau, Gad M and Satta, Giorgio},
  journal={Journal of Discrete Algorithms},
  volume={1},
  number={5},
  pages={409--421},
  year={2003},
  publisher={Elsevier}
}
@inproceedings{karp,
  title={Rapid identification of repeated patterns in strings, trees and arrays},
  author={Karp, Richard M and Miller, Raymond E and Rosenberg, Arnold L},
  booktitle={Proceedings of the fourth annual ACM symposium on Theory of computing},
  pages={125--136},
  year={1972},
  organization={ACM}
}
@article{tsur,
  title={Character sets of strings},
  author={Didier, Gilles and Schmidt, Thomas and Stoye, Jens and Tsur, Dekel},
  journal={Journal of Discrete Algorithms},
  volume={5},
  number={2},
  pages={330--340},
  year={2007},
  publisher={Elsevier}
}
